
@book{pac2012,
  title={Tire and Vehicle Dynamics},
  author={Hans Pacejka},
  isbn={9780080970165},
  year={2012},
  publisher={Butterworth-Heinemann}
}

@book{milliken1995race,
  title={Race Car Vehicle Dynamics},
  author={Milliken, W.F. and Milliken, D.L. and Society of Automotive Engineers},
  isbn={9781560915263},
  lccn={lc94036941},
  series={Premiere Series},
  url={https://books.google.it/books?id=opgHfQzlnLEC},
  year={1995},
  publisher={SAE International}
}

@manual{loadtir,
   title  = "LoadTIR.m source file",
   author = "Marco Furlan",
   note   = "\url{https://www.mathworks.com/examples/simulink/community/32257-loadtir}",
   year   = "2017 (accessed July 11, 2018)"
 }

 @manual{pac2002,
    title  = "Adams/Tire -- Using the PAC2002Tire Model",
    author = "Vittorio Lorenzi",
    note   = "\url{http://mech.unibg.it/~lorenzi/VD&S/Matlab/Tire/tire_models_pac2002.pdf}",
    year   = "2012 (accessed July 11, 2018)"
  }

@article{pac96,
	author = "Pacejka, H.B.",
	uuid = "15181512-50c2-4fdf-8978-731d8f24684b",
	journal = "26th FISITA Congress, 16-13 June 1996, Prague, Czechoslovakia",
	keywords = "Traffic",
	title = "{The tyre as a vehicle component}",
	year = 1996
}

@article{pac10,
author = { I. J.M.   Besselink  and  A. J.C.   Schmeitz  and  H.   B.   Pacejka },
title = {An improved Magic Formula/Swift tyre model that can handle inflation pressure changes},
journal = {Vehicle System Dynamics},
volume = {48},
number = {sup1},
pages = {337-352},
year  = {2010},
publisher = {Taylor & Francis},
doi = {10.1080/00423111003748088},

}

@book{kiencke,
  title={Automotive Control Systems: For Engine, Driveline, and Vehicle},
  author={Kiencke, U. and Nielsen, L.},
  isbn={9783540264842},
  year={2005},
  publisher={Springer Berlin Heidelberg}
}


@techreport{j670,
type = {Standard},
key = {J670_200801},
month = Jan,
year = {2008},
title = {{SAE J670 -- Vehicle Dynamics Terminology}},
institution = {Society of Automotive Engineers}
}

@book{gillespie,
  title={Fundamentals of Vehicle Dynamics},
  author={Gillespie, T.D.},
  isbn={9781560911999},
  series={Premiere Series Bks},
  year={1992},
  publisher={Society of Automotive Engineers}
}
